@misc{HonsbergHeatModules,
    title = {{Heat Loss in PV Modules}},
    booktitle = {PV Education},
    author = {Honsberg, Christiana and Bowden, Stuart},
    url = {https://www.pveducation.org/pvcdrom/modules-and-arrays/heat-loss-in-pv-modules},
    language = {English}
}
@article{Zhou2024Long-termCooling,
    title = {{Long-term outdoor testing of vortex generators for passive PV module cooling}},
    year = {2024},
    journal = {Solar Energy},
    author = {Zhou, Zibo and Gentle, Angus and Mohsenzadeh, Milad and Jiang, Yajie and Keevers, Mark and Green, Martin},
    month = {6},
    pages = {112610},
    volume = {275},
    publisher = {Pergamon},
    doi = {10.1016/J.SOLENER.2024.112610},
    issn = {0038-092X},
    keywords = {Outdoor testing, PV module, Passive cooling, Thermal analysis, Vortex generators}
}