@article{Teo2012AnModules,
    title = {{An active cooling system for photovoltaic modules}},
    year = {2012},
    journal = {Applied Energy},
    author = {Teo, H. G. and Lee, P. S. and Hawlader, M. N.A.},
    number = {1},
    pages = {309--315},
    volume = {90},
    publisher = {Elsevier Ltd},
    url = {https://www.sciencedirect.com/science/article/pii/S0306261911000201},
    doi = {10.1016/j.apenergy.2011.01.017},
    issn = {03062619},
    keywords = {Active cooling, Cell efficiency, Hybrid photovoltaic/thermal system, Manifold design, Operating temperature},
    language = {English}
}

@misc{CircuitBread2018BandElectronics,
    title = {{Band Gap and Semiconductor Current Carriers | Intermediate Electronics}},
    year = {2018},
    booktitle = {CircuitBread},
    author = {{CircuitBread}},
    month = {9},
    url = {https://www.youtube.com/watch?v=N8MuD_xu6L4},
    language = {English}
}

@misc{Renewable_Tek2025HOTExplained,
    title = {{HOT Days, LESS POWER? Solar Panel Temperature Coefficient Explained!}},
    year = {2025},
    booktitle = {Renewable{\_}Tek},
    author = {{Renewable{\_}Tek}},
    month = {1},
    url = {https://www.youtube.com/watch?v=9j9NxrZOwf4},
    language = {English}
}

@misc{TED-Ed2016HowKomp,
    title = {{How do solar panels work? - Richard Komp}},
    year = {2016},
    booktitle = {TED-Ed},
    author = {{TED-Ed}},
    month = {1},
    url = {https://www.youtube.com/watch?v=xKxrkht7CpY},
    language = {English}
}

@article{Baruch1995OnConversion,
    title = {{On some thermodynamic aspects of photovoltaic solar energy conversion}},
    year = {1995},
    journal = {Solar Energy Materials and Solar Cells},
    author = {Baruch, P. and De Vos, A. and Landsberg, P. T. and Parrott, J. E.},
    number = {2},
    month = {2},
    pages = {201--222},
    volume = {36},
    publisher = {North-Holland},
    doi = {10.1016/0927-0248(95)80004-2},
    issn = {0927-0248}
}

@misc{HonsbergOpen-CircuitVoltage,
    title = {{Open-Circuit Voltage}},
    booktitle = {PVEducation},
    author = {Honsberg, Christiana and Bowden, Stuart},
    url = {https://www.pveducation.org/pvcdrom/solar-cell-operation/open-circuit-voltage#footnote3_r1kip45},
    language = {English}
}

@misc{KhanAcademyPhotoelectricEffect,
    title = {{Photoelectric Effect}},
    booktitle = {Khan Academy},
    author = {{Khan Academy}},
    url = {https://www.khanacademy.org/science/modern-physics-essentials/x1bb01bdec712d446:why-light-and-matter-are-two-faced/x1bb01bdec712d446:einstein-s-elegant-equation-to-decode-the-photoelectric-effect/a/photoelectric-effect},
    language = {English}
}

@misc{ScienceABC2023PhotoelectricBeginners,
    title = {{Photoelectric Effect Explained in Simple Words for Beginners}},
    year = {2023},
    booktitle = {Science ABC},
    author = {{Science ABC}},
    month = {10},
    url = {https://www.youtube.com/watch?v=H-FyOpURPXI},
    language = {English}
}

@misc{EnelGreenPowerPhotovoltaicModule,
    title = {{Photovoltaic module}},
    booktitle = {Enel Green Power},
    author = {{Enel Green Power}},
    url = {https://www.enelgreenpower.com/learning-hub/renewable-energies/solar-energy/photovoltaic-module},
    language = {English}
}

@article{Levy2006RapidApplications,
    title = {{Rapid and precise calculations of energy and particle flux for detailed-balance photovoltaic applications}},
    year = {2006},
    journal = {Solid-State Electronics},
    author = {Levy, Michael Y. and Honsberg, Christiana},
    number = {7-8},
    month = {7},
    pages = {1400--1405},
    volume = {50},
    publisher = {Pergamon},
    doi = {10.1016/J.SSE.2006.06.017},
    issn = {0038-1101},
    keywords = {Bose-Einstein, Detailed-balance, Flux, Photovoltaic, Riemann zeta, Solar cell},
    language = {English}
}

@misc{HonsbergSolarEfficiency,
    title = {{Solar Cell Efficiency}},
    booktitle = {PVEducation},
    author = {Honsberg, Christiana and Bowden, Stuart},
    url = {https://www.pveducation.org/pvcdrom/solar-cell-operation/solar-cell-efficiency}
}

@article{Gupta2020SolarVehicle,
    title = {{Solar EV Chargers and Super Flow Batteries for an Efficient Electric Vehicle}},
    year = {2020},
    journal = {International Research Journal of Engineering and Technology},
    author = {Gupta, Paarth and Mata Vaishno, Shri},
    issn = {2395-0072},
    keywords = {EV chargers, Photovoltaics, Solar PV, Solar power generation, electric vehicles, energy storage},
    language = {English}
}

@misc{U.S.DEPARTMENTofENERGYSolarBasics,
    title = {{Solar Photovoltaic Cell Basics}},
    booktitle = {U.S. DEPARTMENT of ENERGY},
    author = {{U.S. DEPARTMENT of ENERGY}},
    url = {https://www.energy.gov/eere/solar/solar-photovoltaic-cell-basics#:~:text=Silicon%20is%2C%20by%20far%2C%20the,semiconductor%20used%20in%20computer%20chips.},
    language = {English}
}

@misc{U.S.DEPARTMENTofENERGY2024SolarBasics,
    title = {{Solar Photovoltaic Technology Basics}},
    year = {2024},
    booktitle = {U.S. DEPARTMENT of ENERGY},
    author = {{U.S. DEPARTMENT of ENERGY}},
    month = {11},
    url = {https://www.energy.gov/eere/solar/solar-photovoltaic-technology-basics},
    language = {English}
}

@inproceedings{Dubey2013TemperatureReview,
    title = {{Temperature dependent photovoltaic (PV) efficiency and its effect on PV production in the world - A review}},
    year = {2013},
    booktitle = {Energy Procedia},
    author = {Dubey, Swapnil and Sarvaiya, Jatin Narotam and Seshadri, Bharath},
    pages = {311--321},
    volume = {33},
    publisher = {Elsevier Ltd},
    address = {Nanyang},
    doi = {10.1016/j.egypro.2013.05.072},
    issn = {18766102},
    keywords = {Efficiency, Photovoltaic, Solar energy, Temperature coefficient},
    language = {English}
}

@techreport{Il1931TheSemi-Conductors,
    title = {{The Theory of Electronic Semi-Conductors}},
    year = {1931},
    author = {Il, A H W},
    month = {6},
    pages = {458--491},
    url = {https://royalsocietypublishing.org/},
    institution = {Emmanuel College, University of Cambridge},
    address = {Cambridge},
    language = {English}
}