% This file includes the 6 examples references used in the list. They have been directly imported from Google Scholar using Bibtex. This is an effective may to import and manage references (without the need to write them out manually). Information on Bibliography management with bibtex can be found here: https://www.overleaf.com/learn/latex/bibliography_management_with_bibtex

% I would recommend watching this video on how to create bibliographies with bibtex in LaTeX with overleaf to understand how it is done: https://www.youtube.com/watch?v=JwXQb25cpqA&ab_channel=VincentKnight

@article{vatistas1986reverse,
  title={Reverse flow radius in vortex chambers},
  author={Vatistas, GH and Lin, S and Kwok, CK},
  journal={AIAA journal},
  volume={24},
  number={11},
  pages={1872--1873},
  year={1986}
}

@article{dornheim1996planetary,
  title={Planetary flight surge faces budget realities},
  author={Dornheim, Michael A},
  journal={Aviation Week \& Space Technology},
  volume={145},
  number={24},
  pages={44--46},
  year={1996}
}

@article{terster1997nasa,
  title={NASA considers switch to delta 2},
  author={Terster, W},
  journal={Space News},
  volume={8},
  number={2},
  pages={13--19},
  year={1997}
}

@book{oates1997aerothermodynamics,
  title={Aerothermodynamics of gas turbine and rocket propulsion},
  author={Oates, Gordon C},
  year={1997},
  publisher={American Institute of Aeronautics and Astronautics}
}

@book{CitekeyBook,
    author    = "Leonard Susskind and George Hrabovsky",
    title     = "Classical mechanics: the theoretical minimum",
    publisher = "Penguin Random House",
    address   = "New York, NY",
    year      = 2014
}

@proceedings{CitekeyProceedings,
    editor    = "Susan Stepney and Sergey Verlan",
    title     = "Proceedings of the 17th International Conference on Computation and Natural Computation, Fontainebleau, France",
    series    = "Lecture Notes in Computer Science",
    volume    = "10867",
    publisher = "Springer",
    address   = "Cham, Switzerland",
    year      = 2018
}